[gd_scene load_steps=8 format=2]

[ext_resource path="res://menus/stage_select/stage_icon.gd" type="Script" id=1]
[ext_resource path="res://menus/stage_select/buttons/normal.png" type="Texture" id=2]
[ext_resource path="res://menus/stage_select/buttons/focus.png" type="Texture" id=3]
[ext_resource path="res://menus/stage_select/buttons/arrow_left.png" type="Texture" id=4]
[ext_resource path="res://menus/stage_select/buttons/arrow_right.png" type="Texture" id=5]
[ext_resource path="res://fonts/kenpixel_high.ttf" type="DynamicFontData" id=6]

[sub_resource type="DynamicFont" id=1]

size = 64
use_mipmaps = false
use_filter = false
font_data = ExtResource( 6 )
_sections_unfolded = [ "Extra Spacing", "Font", "Settings" ]

[node name="StageIcon" type="VBoxContainer"]

anchor_left = 0.0
anchor_top = 0.0
anchor_right = 0.0
anchor_bottom = 0.0
margin_right = 40.0
margin_bottom = 40.0
rect_pivot_offset = Vector2( 0, 0 )
rect_clip_content = false
mouse_filter = 1
mouse_default_cursor_shape = 0
size_flags_horizontal = 1
size_flags_vertical = 1
alignment = 0
script = ExtResource( 1 )
_sections_unfolded = [ "Focus" ]
stage_scene = null
stage_name = null
icon_texture = null

[node name="Button" type="TextureButton" parent="." index="0"]

anchor_left = 0.0
anchor_top = 0.0
anchor_right = 0.0
anchor_bottom = 0.0
margin_right = 256.0
margin_bottom = 256.0
rect_pivot_offset = Vector2( 0, 0 )
rect_clip_content = false
focus_mode = 2
mouse_filter = 0
mouse_default_cursor_shape = 0
size_flags_horizontal = 1
size_flags_vertical = 1
toggle_mode = false
enabled_focus_mode = 2
shortcut = null
group = null
texture_normal = ExtResource( 2 )
texture_focused = ExtResource( 3 )
_sections_unfolded = [ "Focus", "Textures" ]

[node name="TextureRect" type="TextureRect" parent="Button" index="0"]

anchor_left = 0.0
anchor_top = 0.0
anchor_right = 0.0
anchor_bottom = 0.0
margin_left = 16.0
margin_top = 16.0
margin_right = 240.0
margin_bottom = 229.0
rect_pivot_offset = Vector2( 0, 0 )
rect_clip_content = false
mouse_filter = 1
mouse_default_cursor_shape = 0
size_flags_horizontal = 1
size_flags_vertical = 1
stretch_mode = 0
_sections_unfolded = [ "Margin" ]

[node name="Arrows" type="HBoxContainer" parent="Button" index="1"]

visible = false
anchor_left = 0.5
anchor_top = 0.5
anchor_right = 0.5
anchor_bottom = 0.5
margin_left = -190.0
margin_top = -30.0
margin_right = 190.0
margin_bottom = 30.0
rect_pivot_offset = Vector2( 0, 0 )
rect_clip_content = false
mouse_filter = 1
mouse_default_cursor_shape = 0
size_flags_horizontal = 1
size_flags_vertical = 1
custom_constants/separation = 300
alignment = 0
_sections_unfolded = [ "Rect", "custom_constants" ]

[node name="Left" type="TextureRect" parent="Button/Arrows" index="0"]

anchor_left = 0.0
anchor_top = 0.0
anchor_right = 0.0
anchor_bottom = 0.0
margin_right = 40.0
margin_bottom = 60.0
grow_horizontal = 0
rect_pivot_offset = Vector2( 0, 0 )
rect_clip_content = false
mouse_filter = 1
mouse_default_cursor_shape = 0
size_flags_horizontal = 1
size_flags_vertical = 1
texture = ExtResource( 4 )
stretch_mode = 0
_sections_unfolded = [ "Anchor", "Grow Direction", "Rect", "Size Flags" ]

[node name="Right" type="TextureRect" parent="Button/Arrows" index="1"]

anchor_left = 0.0
anchor_top = 0.0
anchor_right = 0.0
anchor_bottom = 0.0
margin_left = 340.0
margin_right = 380.0
margin_bottom = 60.0
rect_pivot_offset = Vector2( 0, 0 )
rect_clip_content = false
mouse_filter = 1
mouse_default_cursor_shape = 0
size_flags_horizontal = 1
size_flags_vertical = 1
texture = ExtResource( 5 )
stretch_mode = 0

[node name="Name" type="Label" parent="." index="1"]

modulate = Color( 0.501961, 0.501961, 0.501961, 1 )
anchor_left = 0.0
anchor_top = 0.0
anchor_right = 0.0
anchor_bottom = 0.0
margin_top = 260.0
margin_right = 256.0
margin_bottom = 316.0
rect_pivot_offset = Vector2( 0, 0 )
rect_clip_content = false
mouse_filter = 2
mouse_default_cursor_shape = 0
size_flags_horizontal = 1
size_flags_vertical = 4
custom_fonts/font = SubResource( 1 )
text = "Stage Name"
align = 1
percent_visible = 1.0
lines_skipped = 0
max_lines_visible = -1
_sections_unfolded = [ "Visibility", "custom_colors", "custom_fonts" ]

[connection signal="focus_entered" from="Button" to="." method="_on_Button_focus_entered"]

[connection signal="focus_exited" from="Button" to="." method="_on_Button_focus_exited"]

[connection signal="pressed" from="Button" to="." method="_on_Button_pressed"]


