[gd_scene load_steps=6 format=2]

[ext_resource path="res://entities/devices/locked_door/locked_door.gd" type="Script" id=1]
[ext_resource path="res://entities/devices/locked_door/lock.png" type="Texture" id=2]

[sub_resource type="RectangleShape2D" id=1]

custom_solver_bias = 0.0
extents = Vector2( 8, 32 )

[sub_resource type="RectangleShape2D" id=2]

custom_solver_bias = 0.0
extents = Vector2( 10, 32 )

[sub_resource type="Animation" id=3]

resource_name = "denied"
length = 0.75
loop = false
step = 0.15
tracks/0/type = "value"
tracks/0/path = NodePath(".:frame")
tracks/0/interp = 1
tracks/0/loop_wrap = true
tracks/0/imported = false
tracks/0/enabled = true
tracks/0/keys = {
"times": PoolRealArray( 0, 0.15, 0.3, 0.45, 0.6, 0.75 ),
"transitions": PoolRealArray( 1, 1, 1, 1, 1, 1 ),
"update": 1,
"values": [ 1, 0, 1, 0, 1, 0 ]
}
tracks/1/type = "value"
tracks/1/path = NodePath("Needed:visible")
tracks/1/interp = 1
tracks/1/loop_wrap = true
tracks/1/imported = false
tracks/1/enabled = true
tracks/1/keys = {
"times": PoolRealArray( 0, 0.15, 0.3, 0.45, 0.6, 0.75 ),
"transitions": PoolRealArray( 1, 1, 1, 1, 1, 1 ),
"update": 1,
"values": [ true, false, true, false, true, false ]
}

[node name="locked_door" type="StaticBody2D" groups=[
"door",
]]

position = Vector2( -9.53674e-07, 1.19209e-07 )
z_as_relative = false
input_pickable = false
collision_layer = 128
collision_mask = 0
constant_linear_velocity = Vector2( 0, 0 )
constant_angular_velocity = 0.0
friction = 1.0
bounce = 0.0
script = ExtResource( 1 )
_sections_unfolded = [ "Collision", "Transform", "Z Index" ]
keys = 1

[node name="door_shape" type="CollisionShape2D" parent="." index="0"]

editor/display_folded = true
shape = SubResource( 1 )

[node name="Polygon2D" type="Polygon2D" parent="door_shape" index="0"]

position = Vector2( 1.01725e-06, -1.27157e-07 )
polygon = PoolVector2Array( 8, -32, 8, 32, -8, 32, -8, -32 )
uv = PoolVector2Array(  )
color = Color( 0.996094, 1, 1, 1 )
vertex_colors = PoolColorArray(  )
offset = Vector2( 0, 0 )
antialiased = false
texture = null
texture_offset = Vector2( 0, 0 )
texture_scale = Vector2( 1, 1 )
texture_rotation_degrees = 0.0
invert_enable = false
invert_border = 100.0

[node name="interactable_area" type="Area2D" parent="." index="1"]

editor/display_folded = true
input_pickable = true
gravity_vec = Vector2( 0, 1 )
gravity = 98.0
linear_damp = 0.1
angular_damp = 1.0
collision_layer = 128
collision_mask = 2
audio_bus_override = false
audio_bus_name = "Master"

[node name="area" type="CollisionShape2D" parent="interactable_area" index="0"]

position = Vector2( 9.53674e-07, -1.19209e-07 )
shape = SubResource( 2 )

[node name="Sprite" type="Sprite" parent="." index="2"]

editor/display_folded = true
scale = Vector2( 0.8, 0.8 )
z_index = 1
z_as_relative = false
texture = ExtResource( 2 )
hframes = 2
_sections_unfolded = [ "Animation", "Transform", "Z Index" ]

[node name="Needed" type="Label" parent="Sprite" index="0"]

visible = false
modulate = Color( 0, 0, 0, 1 )
anchor_left = 0.0
anchor_top = 0.0
anchor_right = 0.0
anchor_bottom = 0.0
margin_left = -9.0
margin_top = -35.0
margin_right = 9.0
margin_bottom = -21.0
rect_pivot_offset = Vector2( 0, 0 )
rect_clip_content = false
mouse_filter = 2
mouse_default_cursor_shape = 0
size_flags_horizontal = 1
size_flags_vertical = 4
align = 1
valign = 1
percent_visible = 1.0
lines_skipped = 0
max_lines_visible = -1
_sections_unfolded = [ "Visibility" ]

[node name="AnimationPlayer" type="AnimationPlayer" parent="Sprite" index="1"]

root_node = NodePath("..")
autoplay = ""
playback_process_mode = 1
playback_default_blend_time = 0.0
playback_speed = 1.0
anims/denied = SubResource( 3 )
blend_times = [  ]

[node name="Remaining" type="Label" parent="." index="3"]

anchor_left = 0.0
anchor_top = 0.0
anchor_right = 0.0
anchor_bottom = 0.0
margin_left = -8.0
margin_right = 8.0
margin_bottom = 14.0
rect_pivot_offset = Vector2( 0, 0 )
rect_clip_content = false
mouse_filter = 2
mouse_default_cursor_shape = 0
size_flags_horizontal = 1
size_flags_vertical = 4
align = 1
valign = 1
percent_visible = 1.0
lines_skipped = 0
max_lines_visible = -1

[node name="Timer" type="Timer" parent="." index="4"]

process_mode = 1
wait_time = 0.5
one_shot = true
autostart = false

[connection signal="body_entered" from="interactable_area" to="." method="_on_interactable_area_body_entered"]

[connection signal="timeout" from="Timer" to="." method="_on_Timer_timeout"]


